<record><leader>00000cas a22000007a 4500</leader><controlfield tag="001">26268719</controlfield><controlfield tag="008">920727d19391955ctuwr ne      0    0eng d</controlfield><datafield ind1=" " ind2=" " tag="010"><subfield code="a">sn 92051326 </subfield></datafield><datafield ind1=" " ind2=" " tag="040"><subfield code="a">CNW</subfield><subfield code="b">eng</subfield><subfield code="c">CNW</subfield><subfield code="d">OCLCQ</subfield></datafield><datafield ind1=" " ind2=" " tag="042"><subfield code="a">msc</subfield></datafield><datafield ind1="0" ind2="4" tag="245"><subfield code="a">The Westport town crier.</subfield></datafield><datafield ind1="3" ind2="0" tag="246"><subfield code="a">Weston crier</subfield></datafield><datafield ind1=" " ind2=" " tag="260"><subfield code="a">Westport, Conn. :</subfield><subfield code="b">Town Crier Corp.</subfield></datafield><datafield ind1=" " ind2=" " tag="300"><subfield code="a">v.</subfield></datafield><datafield ind1=" " ind2=" " tag="310"><subfield code="a">Weekly</subfield></datafield><datafield ind1="0" ind2=" " tag="362"><subfield code="a">Vol. 18, no. 12 (Dec. 15, 1939)-v. 21, no. 15 (Apr. 14, 1955).</subfield></datafield><datafield ind1=" " ind2=" " tag="500"><subfield code="a">Includes a section titled: Weston crier, Feb. 12, 1953-1955.</subfield></datafield><datafield ind1=" " ind2=" " tag="500"><subfield code="a">Published in Fairfield, Conn., Mar, 3, 1952-1955.</subfield></datafield><datafield ind1=" " ind2=" " tag="530"><subfield code="a">Available on microfilm from New England Micrographics, Marlboro, Mass.</subfield></datafield><datafield ind1=" " ind2="4" tag="651"><subfield code="a">Westport (Conn.)</subfield><subfield code="v">Newspapers.</subfield></datafield><datafield ind1=" " ind2="4" tag="651"><subfield code="a">Weston (Conn.)</subfield><subfield code="v">Newspapers.</subfield></datafield><datafield ind1=" " ind2=" " tag="752"><subfield code="a">United States</subfield><subfield code="b">Connecticut</subfield><subfield code="c">Fairfield</subfield><subfield code="d">Fairfield.</subfield></datafield><datafield ind1="0" ind2="0" tag="780"><subfield code="t">Town crier (Westport, Conn. : 1936)</subfield><subfield code="w">(DLC)sn 92051325</subfield></datafield><datafield ind1="0" ind2="7" tag="785"><subfield code="t">Westporter-herald</subfield><subfield code="w">(DLC)sn 88074853</subfield><subfield code="w">(OCoLC)18729825</subfield></datafield><datafield ind1="0" ind2="7" tag="785"><subfield code="t">Westport town crier and the Westporter-herald</subfield><subfield code="w">(DLC)sn 92051327</subfield></datafield><datafield ind1="1" ind2=" " tag="029"><subfield code="a">AU@</subfield><subfield code="b">000020740613</subfield></datafield></record>